@article{BOCCALETTI:2006gb,
author = {Boccaletti, S. and Latora, V. and Moreno, Y. and Chavez, M. and Hwang, D.},
journal = {Physics Reports},
year = {2006},
volume = {424},
number = {4-5},
pages = {175--308},
month = feb
}

@article{Castellano:2009ce,
author = {Castellano, Claudio and Fortunato, Santo and Loreto, Vittorio},
journal = {Rev. Mod. Phys.},
year = {2009},
volume = {81},
number = {2},
pages = {591--646},
month = may
}

@article{Zanette:2001kh,
author = {Zanette, Dami{\'a}n},
journal = {Phys. Rev. E},
year = {2001},
volume = {64},
number = {5},
month = oct
}

@article{Zanette:2002iu,
author = {Zanette, Dami{\'a}n},
journal = {Phys. Rev. E},
year = {2002},
volume = {65},
number = {4},
month = mar
}

@article{RisauGusman:2009jh,
author = {Risau-Gusman, Sebasti{\'a}n and Zanette, Dami{\'a}n H},
title = {{Contact switching as a control strategy for epidemic outbreaks}},
journal = {Journal of Theoretical Biology},
year = {2009},
volume = {257},
number = {1},
pages = {52--60},
month = mar
}

@article{Grassberger:1983tj,
title = "On the critical behavior of the general epidemic process and dynamical percolation",
journal = "Mathematical Biosciences",
volume = "63",
number = "2",
pages = "157 - 172",
year = "1983",
note = "",
issn = "0025-5564",
doi = "10.1016/0025-5564(82)90036-0",
url = "http://www.sciencedirect.com/science/article/pii/0025556482900360",
author = "P. Grassberger"
}

@article {MORENO:2002bb,
   author = {Moreno, Y. and Pastor-Satorras, R. and Vespignani, A.},
   title = {Epidemic outbreaks in complex heterogeneous networks},
   journal = {The European Physical Journal B - Condensed Matter and Complex Systems},
   publisher = {Springer Berlin / Heidelberg},
   issn = {1434-6028},
   keyword = {Physics and Astronomy},
   pages = {521-529},
   volume = {26},
   issue = {4},
   url = {http://dx.doi.org/10.1140/epjb/e20020122},
   note = {10.1140/epjb/e20020122},
   year = {2002}
}

@article{Nekovee:2007jw,
title = "Theory of rumour spreading in complex social networks",
journal = "Physica A: Statistical Mechanics and its Applications",
volume = "374",
number = "1",
pages = "457 - 470",
year = "2007",
note = "",
issn = "0378-4371",
doi = "10.1016/j.physa.2006.07.017",
url = "http://www.sciencedirect.com/science/article/pii/S0378437106008090",
author = "M. Nekovee and Y. Moreno and G. Bianconi and M. Marsili",
keywords = "Structure and dynamics of complex social networks",
keywords = "Rumour models",
keywords = "Critical phenomena"
}
